%% This BibTeX bibliography file was created using BibDesk.
%% http://bibdesk.sourceforge.net/


%% Created for Markus at 2012-02-27 09:50:26 +0100 


%% Saved with string encoding Unicode (UTF-8) 

@misc{EMFFragProject,
  author = {Markus Scheidgen},
  title = {{EMFFrag -- Meta-Model-based Model Fragmentation and Persistence Framework}},
  howpublished = {http://code.google.com/p/emf-fragments},
  year = {2012}
}

@techreport{modelSizes,
  author = {Markus Scheidgen},
  title = {{How Big Are Models -- An Estimation}},
  howpublished = {http://hwl.hu-berlin.de/publications/},
  publisher = {{Humboldt Universit\"at zu Berlin}},
  year = {2012}
}

@misc{grabats,
  title={{Grabats 2009, 5th International Workshop on Graph-based Tools: A Reverse Engineering Case Study}},
  location = {Z\"urich, Switzerland},
  month = {Jul},
  year = 2009,
  Howpublished = {http://is.tm.tue.nl/staff/pvgorp/events/grabats2009/}
}
  

@article{mapreduce,
 author = {Dean, Jeffrey and Ghemawat, Sanjay},
 title = {{MapReduce: Simplified Data Processing on Large Clusters}},
 journal = {Commun. ACM},
 issue_date = {January 2008},
 volume = {51},
 issue = {1},
 month = jan,
 year = {2008},
 pages = {107--113},
 numpages = {7},
 publisher = {ACM},
 address = {New York, NY, USA}
} 

@inproceedings{bigtable2006,
 author = {Chang, Fay and Dean, Jeffrey and Ghemawat, Sanjay and Hsieh, Wilson C. and Wallach, Deborah A. and Burrows, Mike and Chandra, Tushar and Fikes, Andrew and Gruber, Robert E.},
 title = {{Bigtable: A Distributed Storage System for Structured Data}},
 booktitle = {{Proceedings of the 7th USENIX Symposium on Operating Systems Design and Implementation}},
 volume = 7,
 series = {OSDI '06},
 year = {2006},
 location = {Seattle, WA},
 pages = {15--15},
 numpages = {1},
 publisher = {USENIX Association},
 address = {Berkeley, CA, USA}
} 


@inproceedings{kermeta,
 author = {J\'{e}z\'{e}quel, Jean-Marc and Barais, Olivier and Fleurey, Franck},
 title = {{Model Driven Language Engineering with Kermeta}},
 booktitle = {{Proceedings of the 3rd International Summer School Conference on Generative and Transformational Techniques in Software Engineering III}},
 series = {GTTSE'09},
 year = {2011},
 location = {Braga, Portugal},
 pages = {201--221},
 numpages = {21},
 publisher = {Springer-Verlag},
 address = {Berlin, Heidelberg}
} 

@incollection{berlinGML,
	Address = {Seoul, Korea},
	Author = {Stadler, Alexandra},
	Booktitle = {{Proceedings of the 3rd International Workshop on 3D Geo-Information}}, 
	Editor = {Lee, Jiyeong and Zlatanova, Sisi},
	Pages = {175-192},
	Publisher = {Springer Verlag},
	Title = {{Making interoperability persistent: A 3D geo database based on CityGML}},
	Year = {2008}}

@techreport{cityGML,
	Address = {Wayland (MA), USA},
	Author = {Gr{\"o}ger, Gerhard and Kolbe, Thomas H. and Czerwinski, Angela and Nagel, Claus},
	Institution = {OGC},
	Number = {Doc. No. 08-007r1},
	Publisher = {Open Geospatial Consortium Inc.},
	Title = {{OpenGIS City Geography Markup Language (CityGML) Encoding Standard, Version 1.0.0}},
	Year = {2008}}

@article{lynch,
	Author = {Lynch, J P},
	Journal = {{The Shock and Vibration Digest}},
	Number = {2},
	Pages = {91--128},
	Publisher = {{SAGE Publications}},
	Title = {{A Summary Review of Wireless Sensors and Sensor Networks for Structurr al Health Monitoring}},
	Volume = {38},
	Year = {2006}}

@inproceedings{estrin,
	Address = {Salt Lake City, UT , USA},
	Author = {Estrin, D. and Girod, L. and Pottie, G. and Srivastava, M.},
	Booktitle = {{IEEE International Conference on Acoustics, Speech, and Signal Processing}},
	Title = {{Instrumenting the world with wireless sensor networks}},
	Year = {2001}}

@misc{wheeler,
	Author = {Wheeler, D. A.},
	Date-Added = {2012-02-22 16:50:32 +0000},
	Date-Modified = {2012-02-22 16:51:17 +0000},
	Howpublished = {http://www.dwheeler.com/sloc},
	Title = {{Counting Source Lines of Code (SLOC)}},
	Year = {2002}}

@article{modelsAsCode,
	Author = {Dave Thomas},
	Date-Added = {2012-02-22 16:45:43 +0000},
	Date-Modified = {2012-02-22 16:47:10 +0000},
	Journal = {{Journal of Object Technology}},
	Number = {8},
	Publisher = {ETH Zurich},
	Title = {{Programming With Models} -- {Modeling with Code}},
	Volume = {5},
	Year = {2006}}

@inproceedings{clickwatch,
	Address = {France},
	Author = {Markus Scheidgen and Anatolij Zubow and Robert Sombrutzki},
	Booktitle = {{IEEE Wireless Communications and Networking Conference}},
	Date-Added = {2012-02-22 16:35:19 +0000},
	Date-Modified = {2012-02-22 16:36:23 +0000},
	Title = {{ClickWatch} -- {An Experimentation Framework for Communication Network Test-beds}},
	Year = {2012}}

@inproceedings{hwl,
	Address = {France},
	Author = {Anatolij Zubow and Robert Sombrutzki},
	Booktitle = {{IEEE Wireless Communications and Networking Conference}},
	Date-Added = {2012-02-22 16:33:54 +0000},
	Date-Modified = {2012-02-22 16:36:33 +0000},
	Title = {{A Low-cost MIMO Mesh Testbed based on 802.11n}},
	Year = {2012}}

@misc{martinFowler,
	Author = {Martin Fowler},
	Date-Added = {2012-02-22 16:26:30 +0000},
	Date-Modified = {2012-02-22 16:27:29 +0000},
	Howpublished = {http://martinfowler.com/bliki/},
	Month = {Jan},
	Title = {{Aggregate Oriented Databases}},
	Year = {2012}}

@misc{mongoEMF,
	Author = {Bryan Hunt},
	Date-Added = {2012-02-22 16:22:39 +0000},
	Date-Modified = {2012-02-22 16:23:05 +0000},
	Howpublished = {http://github.com/BryanHunt/mongo-emf/wiki},
	Title = {MongoEMF}}

@book{emf2009,
	Author = {Steinberg, David and Budinsky, Frank and Paternostro, Marcelo and Merks, Ed},
	Date-Added = {2012-02-22 16:17:53 +0000},
	Date-Modified = {2012-02-22 16:18:29 +0000},
	Edition = {2nd},
	Publisher = {{Addison-Wesley Professional}},
	Title = {{EMF: Eclipse Modeling Framework 2.0}},
	Year = {2009}}

@misc{cdo,
	Date-Added = {2012-02-22 16:15:38 +0000},
	Date-Modified = {2012-02-22 16:16:03 +0000},
	Howpublished = {http://www.eclipse.org/cdo/},
	Title = {{Connected Data Objects (CDO)}}}

@inproceedings{morsa2011,
	Acmid = {2050665},
	Author = {Pag\'{a}n, Javier Espinazo and Cuadrado, Jes\'{u}s S\'{a}nchez and Molina, Jes\'{u}s Garc\'{\i}a},
	Booktitle = {{Proceedings of the 14th international conference on Model driven engineering languages and systems}},
	Date-Added = {2012-02-22 16:09:56 +0000},
	Date-Modified = {2012-02-22 16:10:03 +0000},
	Isbn = {978-3-642-24484-1},
	Location = {Wellington, New Zealand},
	Numpages = {16},
	Pages = {77--92},
	Publisher = {Springer-Verlag},
	Title = {{Morsa: a scalable approach for persisting and accessing large models}},
	Year = {2011}}

@article{ACID,
	Acmid = {291},
	Address = {New York, NY, USA},
	Author = {Haerder, Theo and Reuter, Andreas},
	Date-Added = {2012-02-22 16:08:57 +0000},
	Date-Modified = {2012-02-22 16:09:03 +0000},
	Issn = {0360-0300},
	Issue = {4},
	Journal = {{ACM Comput. Surv.}},
	Month = {December},
	Numpages = {31},
	Pages = {287--317},
	Publisher = {ACM},
	Title = {{Principles of Transaction-Oriented Database Recovery}},
	Volume = {15},
	Year = {1983}}

@book{couchdb2010,
	Author = {Anderson, J. Chris and Lehnardt, Jan and Slater, Noah},
	Date-Added = {2012-02-22 16:06:57 +0000},
	Date-Modified = {2012-02-22 16:07:10 +0000},
	Edition = {1st},
	Publisher = {O'Reilly Media, Inc.},
	Title = {{CouchDB: The Definitive Guide Time to Relax}},
	Year = {2010}}

@book{mongodb2010,
	Address = {Berkely, CA, USA},
	Author = {Plugge, Eelco and Hawkins, Tim and Membrey, Peter},
	Date-Added = {2012-02-22 16:06:01 +0000},
	Date-Modified = {2012-02-22 16:06:08 +0000},
	Edition = {1st},
	Publisher = {Apress},
	Title = {{The Definitive Guide to MongoDB: The NoSQL Database for Cloud and Desktop Computing}},
	Year = {2010}}

@inproceedings{cassandra2009,
	Acmid = {1582722},
	Address = {New York, NY, USA},
	Author = {Lakshman, Avinash and Malik, Prashant},
	Booktitle = {{Proceedings of the 28th ACM symposium on Principles of distributed computing}},
	Date-Added = {2012-02-22 16:00:37 +0000},
	Date-Modified = {2012-02-22 16:00:48 +0000},
	Isbn = {978-1-60558-396-9},
	Location = {Calgary, AB, Canada},
	Numpages = {1},
	Pages = {5--5},
	Publisher = {ACM},
	Series = {PODC '09},
	Title = {{Cassandra: Structured Storage System on a P2P Network}},
	Year = {2009}}

@mastersthesis{nosql2010,
	Author = {Orend, Kai},
	Date-Added = {2012-02-22 15:57:40 +0000},
	Date-Modified = {2012-02-22 15:58:08 +0000},
	Pages = {100},
	School = {Technische Universit{\"a}t M{\"u}nchen},
	Title = {{Analysis and Classification of NoSQL Databases and Evaluation of their Ability to Replace an Object-relational Persistence Layer}},
	Year = {2010}}

@inproceedings{ScalarisTransactions2008,
	Acmid = {1411280},
	Address = {New York, NY, USA},
	Author = {Sch\"{u}tt, Thorsten and Schintke, Florian and Reinefeld, Alexander},
	Booktitle = {{Proceedings of the 7th ACM SIGPLAN workshop on ERLANG}},
	Date-Added = {2012-02-22 15:46:04 +0000},
	Date-Modified = {2012-02-22 15:46:18 +0000},
	Isbn = {978-1-60558-065-4},
	Keywords = {key/value store, peer-to-peer, transactions, wikipedia},
	Location = {Victoria, BC, Canada},
	Numpages = {8},
	Pages = {41--48},
	Publisher = {ACM},
	Series = {ERLANG '08},
	Title = {{Scalaris: Reliable Transactional P2P Key/Value Store}},
	Year = {2008}}

@inproceedings{dynamo2007,
	Acmid = {1294281},
	Address = {New York, NY, USA},
	Author = {DeCandia, Giuseppe and Hastorun, Deniz and Jampani, Madan and Kakulapati, Gunavardhan and Lakshman, Avinash and Pilchin, Alex and Sivasubramanian, Swaminathan and Vosshall, Peter and Vogels, Werner},
	Booktitle = {{Proceedings of twenty-first ACM SIGOPS symposium on Operating systems principles}},
	Date-Added = {2012-02-22 15:44:43 +0000},
	Date-Modified = {2012-02-22 15:45:15 +0000},
	Isbn = {978-1-59593-591-5},
	Keywords = {performance, reliability, scalability},
	Location = {Stevenson, Washington, USA},
	Numpages = {16},
	Pages = {205--220},
	Publisher = {ACM},
	Series = {SOSP '07},
	Title = {{Dynamo: Amazon's Highly Available Key-Value Store}},
	Year = {2007}}

@techreport{hbase2008,
	Author = {Khetrapal, Ankur and Ganesh, Vinay},
	Date-Added = {2012-02-22 15:37:33 +0000},
	Date-Modified = {2012-02-22 15:40:08 +0000},
	Institution = {Purdue University},
	Keywords = {key-value-store},
	Title = {{HBase and Hypertable for Large Scale Distributed Storage Systems A Performance evaluation for Open Source BigTable Implementations}},
	Year = {2008}}
